@online{hillewaert2008Nautilus,
  author = {Hans Hillewaert },
  title = {Chambered Nautilus, at Paradisio, Brugelette, Belgium},
  year = 2008,
  url = {https://en.wikipedia.org/wiki/File:Nautilus_pompilius_(head).jpg},
  urldate = {2020-02-18}
}

@inbook{sasaki2010Anatomy,
author = {Sasaki, Takenori and Shigeno, Shuichi and Tanabe, Kazushige},
year = {2010},
month = {05},
pages = {35-66},
title = {Anatomy of living Nautilus: Reevaluation of primitiveness and comparison with Coleoidea},
isbn = {978-4-486-01876-6}
}

@article{muntz1984VisualSystem,
author = {Muntz, W. and Raj, Umanshu},
year = {1984},
month = {03},
pages = {},
title = {On the Visual System of Nautilus Pompilius},
volume = {109},
journal = {Journal of Experimental Biology}
}
