@book{cormen2001introduction,
  title={Introduction To Algorithms},
  author={Cormen, T.H. and Cormen, T.H. and Leiserson, C.E. and Books24x7, Inc and MIT Press and Massachusetts Institute of Technology and Rivest, R.L. and McGraw-Hill Publishing Company and Stein, C.},
  isbn={9780262032933},
  lccn={00103127},
  series={Introduction to Algorithms},
  url={https://books.google.com.mx/books?id=NLngYyWFl\_YC},
  year={2001},
  publisher={MIT Press}
}

@book{goodrich2013data,
  title={Data Structures and Algorithms in Python},
  author={Goodrich, M.T. and Tamassia, R. and Goldwasser, M.H.},
  isbn={9781118290279},
  lccn={2012048005},
  url={https://books.google.com.mx/books?id=Mr59DwAAQBAJ},
  year={2013},
  publisher={Wiley}
}

@misc{fiset2019datas, 
author = {Fiset, W.},
title = {Data Structures Easy to Advanced Course - Full Tutorial from a Google Engineer},
howpublished = "\url{https://www.youtube.com/watch?v=RBSGKlAvoiM}",
year = {2019}, 
note = "Accesado 2019-11-22",
}
